@inproceedings{1,
author = {Ongaro, Diego and Ousterhout, John},
title = {In search of an understandable consensus algorithm},
year = {2014},
isbn = {9781931971102},
publisher = {USENIX Association},
address = {USA},
booktitle = {Proceedings of the 2014 USENIX Conference on USENIX Annual Technical Conference},
pages = {305â€“320},
numpages = {16},
location = {Philadelphia, PA},
series = {USENIX ATC'14}
}

@misc{2,
    title = {QEMU documentation},
    url = {https://www.qemu.org/docs/master/},
}

@misc{3,
    title = {Libvirt documentation},
    url = {https://libvirt.org/docs.html},
}

@misc{4,
    title = {Go documentation},
    url = {https://go.dev/doc/effective_go},
}

@misc{5,
    title = {Protobuf documentation},
    url = {https://protobuf.dev/getting-started/gotutorial/},
}

@misc{6,
    title = {Archiso},
    url = {https://wiki.archlinux.org/title/Archiso},
}
